@misc{bep003,
	Title = {{The BitTorrent Protocol Specification}},
	Author = {{Bram Cohen}},
	howpublished = {\url{http://www.bittorrent.org/beps/bep_0003.html}}
}

@misc{istudy08,
	Title = {{Internet Study 2008/2009}},
	howpublished = {\url{http://www.ipoque.com/resources/internet-studies/internet-study-2008_2009}}
}

@inproceedings{legout:1,
 author = {Legout, Arnaud and Urvoy-Keller, G. and Michiardi, P.},
 title = {Rarest first and choke algorithms are enough},
 booktitle = {IMC '06: Proceedings of the 6th ACM SIGCOMM conference on Internet measurement},
 year = {2006},
 isbn = {1-59593-561-4},
 pages = {203--216},
 location = {Rio de Janeriro, Brazil},
 doi = {http://doi.acm.org/10.1145/1177080.1177106},
 publisher = {ACM},
 address = {New York, NY, USA},
 }

@misc{cohen:1,
    author = {Cohen, Bram},
    journal = {In Proceedings of the 1st Workshop on Economics of Peer-to-Peer Systems},
    title = {Incentives Build Robustness in BitTorrent},
    year = {2003}
}

@article{levin,
 author = {Levin, Dave and LaCurts, Katrina and Spring, Neil and Bhattacharjee, Bobby},
 title = {Bittorrent is an auction: analyzing and improving bittorrent's incentives},
 journal = {SIGCOMM Comput. Commun. Rev.},
 volume = {38},
 number = {4},
 year = {2008},
 issn = {0146-4833},
 pages = {243--254},
 doi = {http://doi.acm.org/10.1145/1402946.1402987},
 publisher = {ACM},
 address = {New York, NY, USA},
 }

@inproceedings{bittyrant,
    author = {Piatek, Michael and Isdal, Tomas and Anderson, Thomas and Krishnamurthy, Arvind and Venkataramani, Arun},
    booktitle = {In NSDI'07},
    title = {Do Incentives Build Robustness in BitTorrent},
    url = {http://citeseerx.ist.psu.edu/viewdoc/summary?doi=10.1.1.112.6384},
    year = {2007}
}

@incollection{izal,
    author = {Izal, M. and Urvoy-Keller, Guillaume and Biersack, Ernst W. and Felber, P. A. and Al and Garc\'{e}s-Erice, L.},
    journal = {Passive and Active Network Measurement},
    pages = {1--11},
    title = {Dissecting BitTorrent: Five Months in a Torrent's Lifetime},
    year = {2004}
}


@inproceedings{pouwelse,
    author = {Pouwelse, J. A. and Garbacki, P. and Epema, D. H. J. and Sips, H. J.},
    booktitle = {4th International Workshop on Peer-to-Peer Systems (IPTPS)},
    journal = {4th International Workshop on Peer-to-Peer Systems (IPTPS)},
    title = {The Bittorrent P2p File-Sharing System: Measurements And Analysis},
    year = {2005}
}

@INPROCEEDINGS{bharambe,
    author = {Ashwin R. Bharambe and Cormac Herley and Venkata N. Padmanabhan},
    title = {Analyzing and Improving a BitTorrent Network.s Performance Mechanisms},
    booktitle = {},
    year = {2006}
}

@misc{tribler,
	Title = {{Tribler BitTorrent Client}},
	howpublished = {\url{http://www.tribler.org/trac/wiki}}
}

@misc{proximity,
	Title = {{Exploring Proximity Based Peer Selection in BitTorrent-like Protocol}},
	author = {A. Qureshi},
	year = {2004},
	howpublished = {{MIT 6.824 student project}}
}

@InProceedings{freerider,
   affiliation = {EPFL},
   author      = {Guerraoui, Rachid and Huguenin, KÃ©n and Kermarrec,
                 Anne-Marie and Monod, Maxime},
   booktitle   = {Proceedings of the 9th {I}nternational {C}onference on
                 {P}eer-to-{P}eer {C}omputing ({P}2{P})},
   title       = {On {T}racking {F}reeriders in {G}ossip {P}rotocols},
   year        = 2009
}

@misc{pex,
	Title = {{Peer Exchange}},
	author = {{Vuze Wiki}},
	howpublished = {\url{http://wiki.vuze.com/w/Peer_Exchange}}
}

@misc{github,
	Title = {{BTSim: BitTorrent Simulation for Gossip Protocol Analysis}},
	author = {{Paul Tschirhart and Jim Stevens}},
	howpublished = {\url{http://github.com/jimstevens2001/btsim}}
}

